@Article{Schneider2004d,
  Author = {Schneider, Harald and Schuettpelz, Eric and Pryer, Kathleen M and Cranfill, Raymond B and Magall{\'{o}}n, Susana and Lupia, Richard},
  Booktitle = {{NA}},
  Journal = {Nature},
  Pages = {553--557},
  Publisher = {Nature Publishing Group},
  Title = {{Ferns diversified in the shadow of angiosperms}},
  Volume = {428},
  Year = {2004}
}
@Article{Wong1976,
  Author = {Wong, S. C. and Hew, C. S.},
  Booktitle = {{NA}},
  Journal = {American Fern Journal},
  Pages = {121--124},
  Title = {{Diffusive resistance, titratable acidity, and CO2 fixation in two tropical epiphytic ferns}},
  Volume = {66},
  Year = {1976}
}
@Article{Gotelli2000,
  Author = {Gotelli, Nicholas J},
  Booktitle = {{NA}},
  Journal = {Ecology},
  Pages = {2606--2621},
  Title = {{Null model analysis of species co-occurrence patterns}},
  Volume = {81},
  Year = {2000}
}
@Article{Fisher2018,
  Author = {Fisher, Rebecca and Wilson, Shaun K. and Sin, Tsai M. and Lee, Ai C. and Langlois, Tim J.},
  Booktitle = {{NA}},
  Journal = {Ecology and Evolution},
  Pages = {6104--6113},
  Title = {{A simple function for full-subsets multiple regression in ecology with R}},
  Volume = {8},
  Year = {2018}
}
@Article{Lowman2012,
  Author = {Lowman, Margaret D and Schowalter, Timothy D},
  Booktitle = {{NA}},
  Journal = {The New Phytologist},
  Pages = {12--27},
  Title = {{Plant science in forest canopiesâ€”the first 30 years of advances and challenges (1980-2010)}},
  Volume = {194},
  Year = {2012}
}
@Inproceedings{Akaike1973,
  Author = {Akaike, Hirotogu},
  Booktitle = {{Second International Symposium on Information Theory}},
  Editor = {Petrov, B.N. and Csaki, F.},
  Address = {Budapest, Hungary},
  Pages = {267--281},
  Publisher = {Akademiai Kidao},
  Title = {{Information theory as an extension of the maximum likelihood principle}},
  Year = {1973}
}
@Article{Cardelus2006,
  Author = {Cardel{\'{u}}s, Catherine L and Colwell, R and {Watkins Jr.}, James E},
  Booktitle = {{NA}},
  Journal = {Journal of Ecology},
  Pages = {144--156},
  Title = {{Vascular epiphyte distribution patterns: Explaining the mid-elevation richness peak}},
  Volume = {94},
  Year = {2006}
}
@Article{Kembel2010,
  Author = {Kembel, Steven W. and Cowan, Peter D. and Helmus, Matthew R. and Cornwell, William K. and Morlon, Helene and Ackerly, David D and Blomberg, Simon P. and Webb, Campbell O},
  Booktitle = {{NA}},
  Journal = {Bioinformatics},
  Pages = {1463--1464},
  Publisher = {Oxford Univ Press},
  Title = {{Picante: R tools for integrating phylogenies and ecology}},
  Volume = {26},
  Year = {2010}
}
@Article{WatkinsJr.2012,
  Author = {{Watkins Jr.}, James E and Cardel{\'{u}}s, Catherine L},
  Booktitle = {{NA}},
  Journal = {International Journal of Plant Sciences},
  Pages = {695--710},
  Publisher = {JSTOR},
  Title = {{Ferns in an angiosperm world: Cretaceous radiation into the epiphytic niche and diversification on the forest floor}},
  Volume = {173},
  Year = {2012}
}
@Article{Givnish2015b,
  Author = {Givnish, Thomas J and Spalink, Daniel and Ames, Mercedes and Lyon, Stephanie P and Hunter, Steven J and Zuluaga, Alejandro and Iles, William J D and Clements, Mark A and Arroyo, Mary T K and Leebens-Mack, James and Endara, Lorena and Kriebel, Ricardo and Neubig, Kurt M and Whitten, W Mark and Williams, Norris H and Cameron, Kenneth M},
  Booktitle = {{NA}},
  Journal = {Proceedings of the Royal Society B: Biological Sciences},
  Pages = {20151553},
  Title = {{Orchid phylogenomics and multiple drivers of their extraordinary diversification}},
  Volume = {282},
  Year = {2015}
}
@Article{Fritz2010,
  Author = {Fritz, Susanne A. and Purvis, Andy},
  Booktitle = {{NA}},
  Journal = {Conservation Biology},
  Pages = {1042--1051},
  Title = {{Selectivity in mammalian extinction risk and threat types: A new measure of phylogenetic signal strength in binary traits}},
  Volume = {24},
  Year = {2010}
}
@Article{Vogel1968,
  Author = {Vogel, Steven},
  Booktitle = {{NA}},
  Journal = {Ecology},
  Pages = {1203--1204},
  Title = {{'Sun leaves' and 'shade leaves': differences in convective heat dissipation}},
  Volume = {49},
  Year = {1968}
}
@Article{Rojas-Hernandez2018,
  Author = {Rojas-Hern{\'{a}}ndez, A. and Kessler, M. and Kr{\"{o}}mer, T. and Hern{\'{a}}ndez-Carnaval, C. and Weigand, A. and Kluge, J.},
  Booktitle = {{NA}},
  Journal = {American Fern Journal},
  Pages = {76--94},
  Title = {{Richness patterns of ferns along an elevational gradient in the Sierra de Ju{\'{a}}rez, Oaxaca, Mexico: A comparison with Central and South America}},
  Volume = {108},
  Year = {2018}
}
@Article{Gay1993a,
  Author = {Gay, Honor},
  Booktitle = {{NA}},
  Journal = {Biological Journal of the Linnean Society},
  Pages = {221--233},
  Title = {{Animal-fed plants: An investigation into the uptake of ant-derived nutrients by the far-eastern epiphytic fern \textit{Lecanopteris} Reinw. (Polypodiaceae)}},
  Volume = {50},
  Year = {1993}
}
@Article{Duncan1976,
  Author = {Duncan, R. A. and McDougall, Ian},
  Booktitle = {{NA}},
  Journal = {Journal of Volcanology and Geothermal Research},
  Pages = {197--227},
  Title = {{Linear volcanism in French Polynesia}},
  Volume = {1},
  Year = {1976}
}
@Article{Nitta2017,
  Author = {Nitta, Joel H. and Meyer, Jean-Yves and Taputuarai, Ravahere and Davis, Charles C},
  Booktitle = {{NA}},
  Journal = {Ecological Monographs},
  Pages = {278--296},
  Title = {{Life cycle matters: DNA barcoding reveals contrasting community structure between fern sporophytes and gametophytes}},
  Volume = {87},
  Year = {2017}
}
@Article{Acebey2017,
  Author = {Acebey, Amparo R. and Kr{\"{o}}mer, Thorsten and Kessler, Michael},
  Booktitle = {{NA}},
  Journal = {Flora: Morphology, Distribution, Functional Ecology of Plants},
  Pages = {83--91},
  Title = {{Species richness and vertical distribution of ferns and lycophytes along an elevational gradient in Los Tuxtlas, Veracruz, Mexico}},
  Volume = {235},
  Year = {2017}
}
@Article{Messier2017,
  Author = {Messier, Julie and McGill, Brian J. and Enquist, Brian J. and Lechowicz, Martin J.},
  Booktitle = {{NA}},
  Journal = {Ecography},
  Pages = {685--697},
  Title = {{Trait variation and integration across scales: is the leaf economic spectrum present at local scales?}},
  Volume = {40},
  Year = {2017}
}
@Article{WatkinsJr.2008,
  Author = {{Watkins Jr.}, James E and Cardel{\'{u}}s, Catherine L and Mack, Michelle C},
  Booktitle = {{NA}},
  Journal = {New Phytologist},
  Pages = {5--8},
  Title = {{Ants mediate nitrogen relations of an epiphytic fern}},
  Volume = {180},
  Year = {2008}
}
@Article{Fiz-Palacios2011,
  Author = {Fiz-Palacios, O and Schneider, Harald and Heinrichs, Jochen and Savolainen, Vincent},
  Booktitle = {{NA}},
  Journal = {BMC Evolutionary Biology},
  Pages = {341},
  Publisher = {BioMed Central Ltd},
  Title = {{Diversification of land plants: Insights from a family-level phylogenetic analysis}},
  Volume = {11},
  Year = {2011}
}
@Incollection{Kappen2007,
  Author = {Kappen, Ludger and Valladares, Fernando},
  Booktitle = {{Functional plant ecology}},
  Editor = {Pugnaire, Francisco I. and Valladares, Fernando},
  Address = {New York},
  Pages = {7--66},
  Publisher = {Taylor and Francis},
  Title = {{Opportunistic growth and desiccation tolerance: The ecological success of poikilohydrous autotrophs.}},
  Year = {2007}
}
@Article{Nitta2009,
  Author = {Nitta, Joel H. and Epps, M J},
  Booktitle = {{NA}},
  Journal = {Brittonia},
  Pages = {392--397},
  Title = {{Hemi-epiphytism in \textit{Vandenboschia collariata} (Hymenophyllaceae)}},
  Volume = {61},
  Year = {2009}
}
@Article{Boyce2010,
  Author = {Boyce, C. Kevin and Lee, Jung-Eun and Feild, Taylor S. and Brodribb, Tim J. and Zwieniecki, Maciej A.},
  Booktitle = {{NA}},
  Journal = {Annals of the Missouri Botanical Garden},
  Pages = {527--540},
  Title = {{Angiosperms helped put the rain in the rainforests: The impact of plant physiological evolution on tropical biodiversity}},
  Volume = {97},
  Year = {2010}
}
@Article{Feldberg2014,
  Author = {Feldberg, Kathrin and Schneider, Harald and Stadler, Tanja and Sch{\"{a}}fer-Verwimp, Alfons and Schmidt, Alexander R. and Heinrichs, Jochen},
  Booktitle = {{NA}},
  Journal = {Scientific Reports},
  Pages = {5974},
  Title = {{Epiphytic leafy liverworts diversified in angiosperm-dominated forests}},
  Volume = {4},
  Year = {2014}
}
@Book{Bold1957,
  Author = {Bold, H C},
  Booktitle = {{NA}},
  Address = {New York},
  Pages = {669},
  Publisher = {Harper {\&} Row},
  Title = {{Morphology of Plants}},
  Year = {1957}
}
@Article{WatkinsJr.2007a,
  Author = {{Watkins Jr.}, James E and Mack, Michelle K and Mulkey, Stephen S},
  Booktitle = {{NA}},
  Journal = {American Journal of Botany},
  Pages = {701--708},
  Publisher = {JSTOR},
  Title = {{Gametophyte ecology and demography of epiphytic and terrestrial tropical ferns}},
  Volume = {94},
  Year = {2007}
}
@Article{Kress1986,
  Author = {Kress, W John},
  Booktitle = {{NA}},
  Journal = {Selbyana},
  Pages = {2--22},
  Title = {{The systematic distribution of vascular epiphytes: An update}},
  Volume = {9},
  Year = {1986}
}
@Article{Testo2016a,
  Author = {Testo, Weston L. and Sundue, Michael A},
  Booktitle = {{NA}},
  Journal = {Molecular Phylogenetics and Evolution},
  Pages = {200--211},
  Publisher = {Elsevier Inc.},
  Title = {{A 4000-species dataset provides new insight into the evolution of ferns}},
  Volume = {105},
  Year = {2016}
}
@Article{WatkinsJr.2006b,
  Author = {{Watkins Jr.}, James E and Kawahara, Akito and Leicht, Stacy A and Auld, Josh R and Bicksler, Abram J and Kaiser, Kristine},
  Booktitle = {{NA}},
  Journal = {American Fern Journal},
  Pages = {83--92},
  Publisher = {BioOne},
  Title = {{Fern laminar scales protect against photoinhibition from excess light}},
  Volume = {96},
  Year = {2006}
}
@Article{Kessler2011a,
  Author = {Kessler, Michael and Kluge, J{\"{u}}rgen and Hemp, Andreas and Ohlem{\"{u}}ller, Ralf},
  Booktitle = {{NA}},
  Journal = {Global Ecology and Biogeography},
  Pages = {868--880},
  Publisher = {Wiley Online Library},
  Title = {{A global comparative analysis of elevational species richness patterns of ferns}},
  Volume = {20},
  Year = {2011}
}
@Article{Lloyd2008,
  Author = {Lloyd, Graeme T and Davis, Katie E and Pisani, Davide and Tarver, James E and Ruta, Marcello and Sakamoto, Manabu and Hone, David W E and Jennings, Rachel and Benton, Michael J},
  Booktitle = {{NA}},
  Journal = {Proceedings of the Royal Society B: Biological Sciences},
  Pages = {2483--2490},
  Title = {{Dinosaurs and the Cretaceous terrestrial revolution}},
  Volume = {275},
  Year = {2008}
}
@Article{Creese2011,
  Author = {Creese, C and Lee, A and Sack, Lawren},
  Booktitle = {{NA}},
  Journal = {American Journal of Botany},
  Pages = {956--966},
  Publisher = {JSTOR},
  Title = {{Drivers of morphological diversity and distribution in the Hawaiian fern flora: Trait associations with size, growth form, and environment}},
  Volume = {98},
  Year = {2011}
}
@Article{Crow2011,
  Author = {Crow, W and Mack, M and Diamond, H and Swatzell, L},
  Booktitle = {{NA}},
  Journal = {American Fern Journal},
  Pages = {57--69},
  Publisher = {BioOne},
  Title = {{Narrow Substrate Niche of Cheilanthes lanosa, the Hairy Lip Fern, is Determined by Carbohydrate and Lipid Contents in Gametophytes}},
  Volume = {101},
  Year = {2011}
}
@Article{Schleuter2010,
  Author = {Schleuter, D and Daufresne, M and Massol, F and Argillier, C},
  Booktitle = {{NA}},
  Journal = {Ecological Monographs},
  Pages = {469--484},
  Title = {{A user's guide to functional diversity indices}},
  Volume = {80},
  Year = {2010}
}
@Misc{Nitta2019a,
  Author = {Nitta, Joel H. and {Watkins Jr.}, James E and Taputuarai, Ravahere and Davis, Charles C.},
  Booktitle = {{NA}},
  Title = {{Data from: Constrained, yet diverse: Phylogenetic and morphological filtering in epiphytic ferns. Dryad Digital Repository.}},
  Year = {2019}
}
@Article{Emigh1977,
  Author = {Emigh, V and Farrar, Donald R},
  Booktitle = {{NA}},
  Journal = {Science},
  Pages = {297--298},
  Publisher = {AAAS},
  Title = {{Gemmae: A role in sexual reproduction in the fern genus \textit{Vittaria}}},
  Volume = {198},
  Year = {1977}
}
@Article{Givnish2014a,
  Author = {Givnish, Thomas J and Barfuss, Michael H J and Ee, Benjamin Van and Riina, Ricarda and Schulte, Katharina and Horres, Ralf and Gonsiska, Philip A. and Jabaily, Rachel S. and Crayn, Darren M. and Smith, J. Andrew C and Winter, Klaus and Brown, Gregory K. and Evans, Timothy M. and Holst, Bruce K. and Luther, Harry and Till, Walter and Zizka, Georg and Berry, Paul E. and Sytsma, Kenneth J.},
  Booktitle = {{NA}},
  Journal = {Molecular Phylogenetics and Evolution},
  Pages = {55--78},
  Publisher = {Elsevier Inc.},
  Title = {{Adaptive radiation, correlated and contingent evolution, and net species diversification in Bromeliaceae}},
  Volume = {71},
  Year = {2014}
}
@Article{Swenson2014,
  Author = {Swenson, Nathan G.},
  Booktitle = {{NA}},
  Journal = {Ecography},
  Pages = {105--110},
  Title = {{Phylogenetic imputation of plant functional trait databases}},
  Volume = {37},
  Year = {2014}
}
@Article{Abramoff2004,
  Author = {Abr{\`{a}}moff, Michael D. and Magalh{\~{a}}es, Paulo J. and Ram, Sunanda J.},
  Booktitle = {{NA}},
  Journal = {Biophotonics International},
  Pages = {36--41},
  Title = {{Image processing with imageJ}},
  Volume = {11},
  Year = {2004}
}
@Article{Duursma2015,
  Author = {Duursma, Remko A.},
  Booktitle = {{NA}},
  Journal = {PLoS ONE},
  Pages = {e0143346},
  Title = {{Plantecophys - An R package for analysing and modelling leaf gas exchange data}},
  Volume = {10},
  Year = {2015}
}
@Article{Hietz1995,
  Author = {Hietz, P and Hietz-Seifert, U},
  Booktitle = {{NA}},
  Journal = {Journal of Vegetation Science},
  Pages = {487--498},
  Publisher = {Blackwell Publishing},
  Title = {{Composition and ecology of vascular epiphyte communities along an altitudinal gradient in central Veracruz, Mexico}},
  Volume = {6},
  Year = {1995}
}
@Article{Niklas1983,
  Author = {Niklas, Karl J and Tiffney, Bruce H and Knoll, Andrew H},
  Booktitle = {{NA}},
  Journal = {Nature},
  Pages = {614--616},
  Title = {{Patterns in vascular land plant diversification}},
  Volume = {303},
  Year = {1983}
}
@Article{Cavender-Bares2009,
  Author = {Cavender-Bares, Jeannine and Kozak, K and Fine, Paul V.A. and Kembel, Steven W.},
  Booktitle = {{NA}},
  Journal = {Ecology Letters},
  Pages = {693--715},
  Publisher = {Wiley Online Library},
  Title = {{The merging of community ecology and phylogenetic biology}},
  Volume = {12},
  Year = {2009}
}
@Article{Janssen2005,
  Author = {Janssen, T and Schneider, Harald},
  Booktitle = {{NA}},
  Journal = {Plant Systematics and Evolution},
  Pages = {175--197},
  Publisher = {Springer},
  Title = {{Exploring the evolution of humus collecting leaves in drynarioid ferns (Polypodiaceae, Polypodiidae) based on phylogenetic evidence}},
  Volume = {252},
  Year = {2005}
}
@Article{Blomberg2003,
  Author = {Blomberg, Simon P and {Garland Jr.}, Theodore and Ives, Anthony R.},
  Booktitle = {{NA}},
  Journal = {Evolution},
  Pages = {717--745},
  Publisher = {John Wiley {\&} Sons},
  Title = {{Testing for phylogenetic signal in comparative data: Behavioral traits are more labile}},
  Volume = {57},
  Year = {2003}
}
@Article{Webb2000,
  Author = {Webb, Campbell O},
  Booktitle = {{NA}},
  Journal = {American Naturalist},
  Pages = {145--155},
  Publisher = {Selem, Mass.: Essex Institute, 1868-},
  Title = {{Exploring the phylogenetic structure of ecological communities: an example for rain forest trees}},
  Volume = {156},
  Year = {2000}
}
@Misc{Thiers2019,
  Author = {Thiers, Barbara M.},
  Booktitle = {{http://sweetgum.nybg.org/ih/}},
  Title = {{(continously updated) Index Herbariorum: A global directory of public herbaria and associated staff. New York Botanical Garden's Virtual Herbarium}},
  Year = {2019}
}
@Article{Nitsch1951,
  Author = {Nitsch, J P},
  Booktitle = {{NA}},
  Journal = {American Journal of Botany},
  Pages = {566--577},
  Publisher = {JSTOR},
  Title = {{Growth and development in vitro of excised ovaries}},
  Volume = {38},
  Year = {1951}
}
@Article{WatkinsJr.2007c,
  Author = {{Watkins Jr.}, James E and Mack, Michelle C and Sinclair, Thomas R and Mulkey, Stephen S},
  Booktitle = {{NA}},
  Journal = {New Phytologist},
  Pages = {708--717},
  Publisher = {Blackwell Publishing Ltd., 9600 Garsington Road},
  Title = {{Ecological and evolutionary consequences of desiccation tolerance in tropical fern gametophytes}},
  Volume = {176},
  Year = {2007}
}
@Misc{Orme2013,
  Author = {Orme, David and Freckleton, Robert P and Thomas, Gavin H and Petzoldt, Thomas and Fritz, Susanne A and Isaac, Nick J B and Pearse, William D},
  Booktitle = {{NA}},
  Title = {{caper: comparative analyses of phylogenetics and evolution in R}},
  Year = {2013}
}
@Article{PteridophytePhylogenyGroupI2016,
  Author = {{Pteridophyte Phylogeny Group I}},
  Booktitle = {{NA}},
  Journal = {Journal of Systematics and Evolution},
  Pages = {563--603},
  Title = {{A community-derived classification for extant lycophytes and ferns}},
  Volume = {54},
  Year = {2016}
}
@Article{Kenrick1997a,
  Author = {Kenrick, Paul and Crane, Peter R},
  Booktitle = {{NA}},
  Journal = {Nature},
  Pages = {33--39},
  Title = {{The origin and early evolution of plants on land}},
  Volume = {389},
  Year = {1997}
}
@Article{Parra2009,
  Author = {Parra, Maria J. and Acu{\~{n}}a, Karina and Corcuera, Lu{\'{i}}s J. and Salda{\~{n}}a, Alfredo},
  Booktitle = {{NA}},
  Journal = {Journal of Vegetation Science},
  Pages = {588--595},
  Publisher = {Blackwell Publishing},
  Title = {{Vertical distribution of Hymenophyllaceae species among host tree microhabitats in a temperate rain forest in Southern Chile}},
  Volume = {20},
  Year = {2009}
}
@Article{Arcand2008,
  Author = {Arcand, N and Kagawa, A and Sack, Lawren and Giambelluca, T},
  Booktitle = {{NA}},
  Journal = {Biotropica},
  Pages = {686--691},
  Publisher = {Association for Tropical Biology, 9600 Garsington Road},
  Title = {{Scaling of frond form in Hawaiian tree fern \textit{Cibotium glaucum}: compliance with global trends and application for field estimation}},
  Volume = {40},
  Year = {2008}
}
@Article{Dubuisson2003,
  Author = {Dubuisson, Jean-Yves and Hennequin, Sabine and Douzery, Emmanuel J. P. and Cranfill, Raymond B and Smith, Alan R. and Pryer, Kathleen M},
  Booktitle = {{NA}},
  Journal = {International Journal of Plant Sciences},
  Pages = {753--761},
  Publisher = {JSTOR},
  Title = {{\textit{rbcL} phylogeny of the fern genus \textit{Trichomanes} (Hymenophyllaceae), with special reference to neotropical taxa}},
  Volume = {164},
  Year = {2003}
}
@Article{Kessler2007a,
  Author = {Kessler, Michael and Siorak, Y and Wunderlich, M and Wegner, C},
  Booktitle = {{NA}},
  Journal = {Functional Plant Biology},
  Pages = {963--971},
  Publisher = {CSIRO},
  Title = {{Patterns of morphological leaf traits among pteridophytes along humidity and temperature gradients in the Bolivian Andes}},
  Volume = {34},
  Year = {2007}
}
@Article{Pittermann2013,
  Author = {Pittermann, Jarmila and Brodersen, Craig and {Watkins Jr.}, James E},
  Booktitle = {{NA}},
  Journal = {Frontiers in Plant Science},
  Pages = {285},
  Title = {{The physiological resilience of fern sporophytes and gametophytes: Advances in water relations offer new insights into an old lineage.}},
  Volume = {4},
  Year = {2013}
}
@Article{Kluge2006,
  Author = {Kluge, J and Kessler, Michael},
  Booktitle = {{NA}},
  Journal = {Diversity and Distributions},
  Pages = {535--545},
  Publisher = {Blackwell Publishing Ltd},
  Title = {{Fern endemism and its correlates: Contribution from an elevational transect in Costa Rica}},
  Volume = {12},
  Year = {2006}
}
@Article{Webb2002,
  Author = {Webb, Campbell O and Ackerly, David D and McPeek, Mark A and Donoghue, Michael J},
  Booktitle = {{NA}},
  Journal = {Annual Review of Ecology and Systematics},
  Pages = {475--505},
  Title = {{Phylogenies and community ecology}},
  Volume = {33},
  Year = {2002}
}
@Article{WatkinsJr.2007b,
  Author = {{Watkins Jr.}, James E and Rundel, P and Cardel{\'{u}}s, Catherine L},
  Booktitle = {{NA}},
  Journal = {Oecologia},
  Pages = {225--232},
  Publisher = {Springer},
  Title = {{The influence of life form on carbon and nitrogen relationships in tropical rainforest ferns}},
  Volume = {153},
  Year = {2007}
}
@Incollection{Carson1995,
  Author = {Carson, Hampton L and Clague, David A},
  Booktitle = {{Hawaiian Biogeography: Evolution on a Hot Spot Archipelago}},
  Editor = {Wagner, Warren L and Funk, Vicki A.},
  Pages = {14--29},
  Publisher = {Smithsonian Institution Press Washington, DC},
  Title = {{Geology and biogeography of the Hawaiian Islands}},
  Year = {1995}
}
@Article{Shreve1911,
  Author = {Shreve, Forrest},
  Booktitle = {{NA}},
  Journal = {Botanical Gazette},
  Pages = {184--209},
  Publisher = {JSTOR},
  Title = {{Studies on Jamaican Hymenophyllaceae}},
  Volume = {51},
  Year = {1911}
}
@Article{Kluge2007,
  Author = {Kluge, J and Kessler, Michael},
  Booktitle = {{NA}},
  Journal = {Ecotropica.},
  Pages = {27--43},
  Title = {{Morphological characteristics of fern assemblages along an elevational gradient: Patterns and causes}},
  Volume = {13},
  Year = {2007}
}
@Article{Dassler2001,
  Author = {Dassler, Cynthia L. and Farrar, Donald R},
  Booktitle = {{NA}},
  Journal = {Brittonia},
  Pages = {352--369},
  Title = {{Significance of gametophyte form in long-distance colonization by tropical, epiphytic ferns}},
  Volume = {53},
  Year = {2001}
}
@Article{Sundue2015,
  Author = {Sundue, Michael A and Testo, Weston L. and Ranker, Tom A},
  Booktitle = {{NA}},
  Journal = {Evolution},
  Pages = {2482--2495},
  Title = {{Morphological innovation, ecological opportunity, and the radiation of a major vascular epiphyte lineage}},
  Volume = {69},
  Year = {2015}
}
@Book{Bivand2013,
  Author = {Bivand, Roger S. and Pebesma, Edzer and G{\'{o}}mez-Rubio, Virgilio},
  Booktitle = {{Applied Spatial Data Analysis with R: Second Edition}},
  Address = {New York},
  Publisher = {Springer},
  Title = {{Applied Spatial Data Analysis with R: Second Edition}},
  Year = {2013}
}
@Book{Benzing1990,
  Author = {Benzing, David H.},
  Booktitle = {{NA}},
  Address = {Cambridge, UK},
  Pages = {354},
  Publisher = {Cambridge University Press},
  Title = {{Vascular Epiphytes: General Biology and Related Biota}},
  Year = {1990}
}
@Article{Kluge2011,
  Author = {Kluge, J{\"{u}}rgen and Kessler, Michael},
  Booktitle = {{NA}},
  Journal = {Journal of Biogeography},
  Pages = {394--405},
  Publisher = {JSTOR},
  Title = {{Phylogenetic diversity, trait diversity and niches: Species assembly of ferns along a tropical elevational gradient}},
  Volume = {38},
  Year = {2011}
}
@Article{Wright2004a,
  Author = {Wright, Ian J and Reich, Peter B and Westoby, Mark and Ackerly, David D and Baruch, Zdravko and Bongers, Frans and Cavender-Bares, Jeannine and Chapin, Terry and Cornelissen, Johannes H C and Diemer, Matthias and Flexas, Jaume and Garnier, Eric and Groom, Philip K and Gulias, Javier and Hikosaka, Kouki and Lamont, Byron B and Lee, Tali and Lee, William and Lusk, Christopher and Midgley, Jeremy J and Navas, Marie-Laure and Niinemets, Ulo and Oleksyn, Jacek and Osada, Noriyuki and Poorter, Hendrik and Poot, Pieter and Prior, Lynda and Pyankov, Vladimir I and Roumet, Catherine and Thomas, Sean C and Tjoelker, Mark G and Veneklaas, Erik J and Villar, Rafael},
  Booktitle = {{NA}},
  Journal = {Nature},
  Pages = {821--827},
  Title = {{The worldwide leaf economics spectrum}},
  Volume = {428},
  Year = {2004}
}
@Article{Johnson2012,
  Author = {Johnson, A and Rothfels, Carl J. and Windham, Michael D and Pryer, Kathleen M},
  Booktitle = {{NA}},
  Journal = {American Journal of Botany},
  Pages = {1118--1124},
  Publisher = {JSTOR},
  Title = {{Unique expression of a sporophytic character on the gametophytes of notholaenid ferns (Pteridaceae)}},
  Volume = {99},
  Year = {2012}
}
@Article{Schuettpelz2009,
  Author = {Schuettpelz, Eric and Pryer, Kathleen M},
  Booktitle = {{NA}},
  Journal = {Proceedings of the National Academy of Sciences of the United States of America},
  Pages = {11200--11205},
  Title = {{Evidence for a Cenozoic radiation of ferns in an angiosperm-dominated canopy}},
  Volume = {106},
  Year = {2009}
}
@Article{Sessa2018,
  Author = {Sessa, Emily B. and Chambers, Sally M. and Li, Daijiang and Trotta, Lauren and Endara, Lorena and Burleigh, J. Gordon and Baiser, Benjamin},
  Booktitle = {{NA}},
  Journal = {American Journal of Botany},
  Pages = {549--564},
  Title = {{Community assembly of the ferns of Florida}},
  Volume = {105},
  Year = {2018}
}
@Article{WatkinsJr.2010,
  Author = {{Watkins Jr.}, James E and Holbrook, N Michele and Zwieniecki, M},
  Booktitle = {{NA}},
  Journal = {American Journal of Botany},
  Pages = {2007--2019},
  Publisher = {JSTOR},
  Title = {{Hydraulic properties of fern sporophytes: consequences for ecological and evolutionary diversification}},
  Volume = {97},
  Year = {2010}
}
@Article{Moran1950,
  Author = {Moran, P. A. P.},
  Booktitle = {{NA}},
  Journal = {Biometrika},
  Pages = {17--23},
  Title = {{Notes on continuous stochastic phenomena}},
  Volume = {37},
  Year = {1950}
}
@Article{Stokey1951,
  Author = {Stokey, Alma G},
  Booktitle = {{NA}},
  Journal = {Phytomorphology},
  Pages = {39--58},
  Publisher = {International Society of Plant Morphologists.},
  Title = {{The contribution by the gametophyte to classification of the homosporous ferns}},
  Volume = {1},
  Year = {1951}
}
@Misc{Laliberte2011,
  Author = {Lalibert{\'{e}}, E. and Shipley, B.},
  Booktitle = {{URL http://CRAN. R-project. org/package= FD}},
  Title = {{FD: Measuring functional diversity from multiple traits, and other tools for functional ecology. R package version 1.0-12}},
  Year = {2011}
}
@Article{Pagel1994,
  Author = {Pagel, Mark},
  Booktitle = {{NA}},
  Journal = {Proceedings of the Royal Society B: Biological Sciences},
  Pages = {37--45},
  Title = {{Detecting correlated evolution on phylogenies: A general method for the comparative analysis of discrete characters}},
  Volume = {255},
  Year = {1994}
}
@Article{WatkinsJr.2006a,
  Author = {{Watkins Jr.}, James E and Cardel{\'{u}}s, Catherine L and Colwell, R and Moran, R},
  Booktitle = {{NA}},
  Journal = {American Journal of Botany},
  Pages = {73--83},
  Publisher = {JSTOR},
  Title = {{Species richness and distribution of ferns along an elevational gradient in Costa Rica}},
  Volume = {93},
  Year = {2006}
}
@Article{Testo2018a,
  Author = {Testo, Weston L. and Sundue, Michael A.},
  Booktitle = {{NA}},
  Journal = {American Journal of Botany},
  Pages = {1--11},
  Title = {{Are rates of species diversification and body size evolution coupled in the ferns?}},
  Volume = {105},
  Year = {2018}
}
@Article{Nayar1971,
  Author = {Nayar, B. K. and Kaur, S},
  Booktitle = {{NA}},
  Journal = {The Botanical Review},
  Pages = {295--396},
  Publisher = {New York Botanical Garden},
  Title = {{Gametophytes of homosporous ferns}},
  Volume = {37},
  Year = {1971}
}
@Article{Gower1971,
  Author = {Gower, J. C.},
  Booktitle = {{NA}},
  Journal = {Biometrics},
  Pages = {857--871},
  Title = {{A general coefficient of similarity and some of its properties}},
  Volume = {27},
  Year = {1971}
}
@Incollection{Farrar2008,
  Author = {Farrar, Donald R and Dassler, Cynthia L. and {Watkins Jr.}, James E and Skelton, Chanda},
  Booktitle = {{Biology and Evolution of Ferns and Lycophytes}},
  Editor = {Haufler, Christopher H and Ranker, Tom A},
  Address = {Cambridge, UK},
  Pages = {222--256},
  Publisher = {Cambridge University Press},
  Title = {{Gametophyte ecology}},
  Year = {2008}
}
@Book{Swenson2014,
  Author = {Swenson, Nathan G.},
  Booktitle = {{NA}},
  Address = {New York, New York, USA},
  Pages = {212},
  Publisher = {Springer},
  Title = {{Functional and Phylogenetic Ecology in R}},
  Year = {2014}
}
@Article{Pagel1999,
  Author = {Pagel, Mark},
  Booktitle = {{NA}},
  Journal = {Nature},
  Pages = {877--884},
  Publisher = {Nature Publishing Group},
  Title = {{Inferring the historical patterns of biological evolution}},
  Volume = {401},
  Year = {1999}
}
@Article{Kromer2007,
  Author = {Kr{\"{o}}mer, Thorsten and Kessler, Michael and Gradstein, S. Robbert},
  Booktitle = {{NA}},
  Journal = {Plant Ecology},
  Pages = {261--278},
  Title = {{Vertical stratification of vascular epiphytes in submontane and montane forest of the Bolivian Andes: The importance of the understory}},
  Volume = {189},
  Year = {2007}
}
@Article{Zotz2007,
  Author = {Zotz, Gerhard},
  Booktitle = {{NA}},
  Journal = {Journal of Vegetation Science},
  Pages = {123--130},
  Title = {{Johansson revisited: The spatial structure of epiphyte assemblages}},
  Volume = {18},
  Year = {2007}
}
@Article{Lehtonen2017,
  Author = {Lehtonen, Samuli and Silvestro, Daniele and Karger, Dirk Nikolaus and Scotese, Christopher and Tuomisto, Hanna and Kessler, Michael and Pe{\~{n}}a, Carlos and Wahlberg, Niklas and Antonelli, Alexandre},
  Booktitle = {{NA}},
  Journal = {Scientific Reports},
  Pages = {4831},
  Title = {{Environmentally driven extinction and opportunistic origination explain fern diversification patterns}},
  Volume = {7},
  Year = {2017}
}
@Article{WatkinsJr.2009,
  Author = {{Watkins Jr.}, James E and Cardel{\'{u}}s, Catherine L},
  Booktitle = {{NA}},
  Journal = {American Fern Journal},
  Pages = {162--175},
  Publisher = {BioOne},
  Title = {{Habitat differentiation of ferns in a lowland tropical rain forest}},
  Volume = {99},
  Year = {2009}
}
@Article{Le2008,
  Author = {L{\^{e}}, S{\'{e}}bastien and Josse, Julie and Husson, Fran{\c{c}}ois},
  Booktitle = {{NA}},
  Journal = {Journal of Statistical Software},
  Pages = {1--18},
  Title = {{FactoMineR: an R package for multivariate analysis}},
  Volume = {25},
  Year = {2008}
}
@Article{Pessin1925,
  Author = {Pessin, Louis J.},
  Booktitle = {{NA}},
  Journal = {Ecology},
  Pages = {17--38},
  Title = {{An ecological study of the polypody fern \textit{Polypodium polypodioides} as an epiphyte in Mississippi}},
  Volume = {6},
  Year = {1925}
}
@Article{Revell2012,
  Author = {Revell, Liam J.},
  Booktitle = {{NA}},
  Journal = {Methods in Ecology and Evolution},
  Pages = {217--223},
  Title = {{phytools: an R package for phylogenetic comparative biology (and other things)}},
  Volume = {3},
  Year = {2012}
}
@Article{Zotz2001,
  Author = {Zotz, Gerhard and Hietz, P},
  Booktitle = {{NA}},
  Journal = {Journal of Experimental Botany},
  Pages = {2067--2078},
  Publisher = {Soc Experiment Biol},
  Title = {{The physiological ecology of vascular epiphytes: Current knowledge, open questions}},
  Volume = {52},
  Year = {2001}
}
