@Misc{FloraNSW2019,
  Author = {Royal Botanic Gardens and Domain Trust},
  Booktitle = {PlantNET (The NSW Plant Information Network System)},
  Title = {Flora of New South Wales}
}
@Article{Atkinson1975,
  Author = {Atkinson, L.R.},
  Journal = {Phytomorphology},
  Pages = {38--54},
  Title = {The gametophyte of five Old World thelypteroid ferns},
  Volume = {25},
  Year = {1975}
}
@Book{NMNS2008,
  Author = {National Museum of Nature and Science},
  Editor = {Nakamura, Takehisa and Matsumoto, Sadamu},
  Pages = {295},
  Publisher = {Tokai University Press},
  Title = {Illustrated flora of ferns and fern allies of South Pacific islands},
  Year = {2008}
}
@Article{Tigerschiold1990,
  Author = {Tigerschi{\"{o}}ld, Eva},
  Journal = {Nordic Journal of Botany},
  Pages = {657--664},
  Title = {Gametophytes of some Ceylonese species of Thelypteridaceae},
  Volume = {9},
  Year = {1990}
}
@Article{Tigerschiold1989,
  Author = {Tigerschi{\"{o}}ld, Eva},
  Journal = {Nordic Journal of Botany},
  Pages = {407--412},
  Title = {Dehiscence of antheridia in thelypteroid ferns},
  Volume = {9},
  Year = {1989}
}
@Article{Copeland1932,
  Author = {Copeland, Edwin Bingham},
  Journal = {Bernice P. Bishop Museum Bulletin},
  Pages = {1--86},
  Title = {Pteridophytes of the Society Islands},
  Volume = {93},
  Year = {1932}
}
@Article{Chen2014a,
  Author = {Chen, Cheng-Wei and Ngan, L.T. and Hidayat, a. and Evangelista, L. and Nooteboom, Hans P. and Chiou, Wen-Liang},
  Journal = {Blumea - Biodiversity, Evolution and Biogeography of Plants},
  Pages = {49--58},
  Title = {First insights into the evolutionary history of the {\textless}I{\textgreater}Davallia repens{\textless}/I{\textgreater} complex},
  Volume = {59},
  Year = {2014}
}
@Article{Brownsey1987,
  Author = {Brownsey, P J},
  Journal = {Blumea},
  Pages = {227--276},
  Publisher = {Rijksherbarium},
  Title = {A review of the fern genus Hypolepis (Dennstaedtiaceae) in the Malesian and Pacific regions},
  Volume = {32},
  Year = {1987}
}
@Article{Zhang2008,
  Author = {Zhang, K and Shi, L and Zhang, X and Jiang, C and Tim-Chun, W},
  Journal = {American Fern Journal},
  Pages = {33--41},
  Publisher = {BioOne},
  Title = {Gametophyte Morphology and Development of Six Chinese Species of Pteris (Pteridaceae)},
  Volume = {98},
  Year = {2008}
}
@Article{Nayar1971,
  Author = {Nayar, B. K. and Kaur, S},
  Journal = {The Botanical Review},
  Pages = {295--396},
  Publisher = {New York Botanical Garden},
  Title = {Gametophytes of homosporous ferns},
  Volume = {37},
  Year = {1971}
}
@Article{Lloyd1980,
  Author = {Lloyd, R M},
  Journal = {American Fern Journal},
  Pages = {99--110},
  Publisher = {JSTOR},
  Title = {Reproductive biology and gametophyte morphology of New World populations of Acrostichum aureum},
  Volume = {70},
  Year = {1980}
}
@Article{Martin2006,
  Author = {Martin, K and Sini, S and Zhang, C and Slater, A and Madhusoodanan, P},
  Journal = {Plant Cell Reports},
  Pages = {1300--1307},
  Title = {Efficient induction of apospory and apogamy in vitro in silver fern (Pityrogramma calomelanos L.)},
  Volume = {25},
  Year = {2006}
}
@Article{Murdock2003,
  Author = {Murdock, Andrew G. and Smith, Alan R.},
  Journal = {Pacific Science},
  Pages = {253--265},
  Title = {Pteridophytes of Moorea, French Polynesia, with a new species, \textit{Tmesipteris gracilis} (Psilotaceae)},
  Volume = {57},
  Year = {2003}
}
@Article{Bierhorst1967,
  Author = {Bierhorst, D W},
  Journal = {American Journal of Botany},
  Pages = {538--549},
  Publisher = {JSTOR},
  Title = {The gametophyte of Schizaea dichotoma},
  Year = {1967}
}
